@article{ksvd,
  title={Image denoising via sparse and redundant representations over learned dictionaries},
  author={Elad, Michael and Aharon, Michal},
  journal={Image Processing, IEEE Transactions on},
  volume={15},
  number={12},
  pages={3736--3745},
  year={2006},
  publisher={IEEE}
}

@article{wavelet,
    author =       {R.R. Coifman and D.L. Donoho},
    title =        {Translation-Invariant De-Noising},
journal =      "In Wavelets and Statistics, Lecture Notes in Statistics. New York",
    pages =        "125-150",
    year =         "1995"
}
@misc{who,
    author = {World Health Organization},
    title = {Chapter 1 - Burden: mortality, morbidity and risk factors},
    howpublished = "\url{http://www.who.int/nmh/publications/ncd_report_chapter1.pdf?ua=1}",
    note = "[Online; accessed 2015-29-12]",
    year = 2010
}
@online{thresholding,
  author = {Pavel Cízek, Wolfgang Härdle, Rafal Weron},
  title = {Statistical Tools for Finance and Insurance},
	howpublished = "\url{http://sfb649.wiwi.hu-berlin.de/fedc_homepage/xplore/tutorials/xlghtmlnode93.html}",
    urldate = {01-01-2016},
    year = 2005
}
@online{udg,
  author = {Guillaume Lemaitre, Joan Massich},
  title = {Initiative for Collaborative Computer Vision Benchmarking},
	howpublished = "\url{http://visor.udg.edu/dataset/}",
    urldate = {07-11-2015},
}
@online{iowa,
  author = {K. A. Glynn and M. Sonka},
  title = {Iowa Reference Algorithms: Human and Murine OCT Retinal Layer Analysis and Display},
	howpublished = "\url{http://www.iibi.uiowa.edu/}",
    urldate = {23-12-2015},
    year = 2007
}
@article{nlm,
    author =       {A. Buades and B. Coll and J. M. Morel},
    title =        {A non-local algorithm for image denoising},
    journal =      "Multiscale Model. Simul.",
	volume =       "4",
    number =       "2",
    pages =        "490-530",
    year =         "2005"
}
@article{obnlm,
    author =       {P. Coupe and P. Hellier and C. Kervrann and C.Barillot},
    title =        {Nonlocal Means-Based Speckle Filtering for Ultrasound Images},
journal =      "IEEE Trans. Image Proc.",
	volume =        "18", 
    number =        "3",
    year =         "2009"
}
@article{bayesian,
    author =     {C. Kervrann and J. Boulanger and P. Coupé},
    title =      {Bayesian non-local means
filter, image redundancy and adaptive dictionaries for noise removal,},
	journal =	"Proc. Conf. Scale-Space and Variational Methods, Ischia, Italy",
    pages = 	"520-532",
    year = 		"2007"
}
@article{texture,
    author =       {A. Efros and T. Leung},
    title =        {Texture synthesis by non parametric sampling},
journal =      "Proc. Int. Conf. Computer Vision",
	volume = "2",
	pages = 	   "1033-1038",
    year =         "1999"
}
@article{gabor,
    author =     {M. Lindenbaum and M. Fischer and A. Bruckstein},
    title =      {On gabor contribution to image enhancement},
	journal =	"Pattern Recognition",
    volume = "27",
	pages = 	"1-8",
    year = 		"1994"
}
@article{anisotropic,
    author =     {P. Perona and J. Malik},
    title =      {Scale space and edge detection using anisotropic diffusion},
	journal =	"IEEE Trans. Patt. Anal. Mach. Intell.",
    volume =    "12",
	pages = 	"629-639",
    year = 		"1990"
}
@book{neighbour,
    author =     {L. Yaroslavsky},
    title =      {Digital Picture Processing - An Introduction},		
    Publisher=	"Springer Verlag",
    year = 		"1985"
}
@article{variation,
    author =     {L. Rudin and S. Osher and E. Fatemi},
    title =      {Nonlinear total variation based noise removal algorithms},
	journal =	"Physica D.",
    volume =    "60",
	pages = 	"259-268",
    year = 		"1992"
}
@article{soft,
    author =     {D. Donoho},
    title =      {De-noising by soft-thresholding},
	journal =	"IEEE Transactions on Information Theory",
    volume =    "41",
	pages = 	"613-627",
    year = 		"1995"
}
@inproceedings{xu2015patch,
  title={Patch Group Based Nonlocal Self-Similarity Prior Learning for Image Denoising},
  author={Xu, J. and Zhang, L. and Zuo, W. and Zhang, D. and Feng, X.},
  booktitle={Proceedings of the IEEE International Conference on Computer Vision},
  pages={244--252},
  year={2015}
}
@inproceedings{buades2005,
  title={A non-local algorithm for image denoising},
  author={Buades, Antoni and Coll, Bartomeu and Morel, Jean-Michel},
  booktitle={Computer Vision and Pattern Recognition, 2005. CVPR 2005. IEEE Computer Society Conference on},
  volume={2},
  pages={60--65},
  year={2005},
  organization={IEEE}
}
@inproceedings{gu2014weighted,
  title={Weighted nuclear norm minimization with application to image denoising},
  author={Gu, Shuhang and Zhang, Lei and Zuo, Wangmeng and Feng, Xiangchu},
  booktitle={Computer Vision and Pattern Recognition (CVPR), 2014 IEEE Conference on},
  pages={2862--2869},
  year={2014},
  organization={IEEE}
}
@article{dabov2007image,
  title={Image denoising by sparse 3-D transform-domain collaborative filtering},
  author={Dabov, Kostadin and Foi, Alessandro and Katkovnik, Vladimir and Egiazarian, Karen},
  journal={Image Processing, IEEE Transactions on},
  volume={16},
  number={8},
  pages={2080--2095},
  year={2007},
  publisher={IEEE}
}
@article{fergus2006removing,
  title={Removing camera shake from a single photograph},
  author={Fergus, Rob and Singh, Barun and Hertzmann, Aaron and Roweis, Sam T and Freeman, William T},
  journal={ACM Transactions on Graphics (TOG)},
  volume={25},
  number={3},
  pages={787--794},
  year={2006},
  publisher={ACM}
}
@book{klebanov2003heavy,
  title={Heavy tailed distributions},
  author={Klebanov, Lev Borisovi{\v{c}}},
  year={2003},
  publisher={Matfyzpress}
}
@article{dempster1977maximum,
  title={Maximum likelihood from incomplete data via the EM algorithm},
  author={Dempster, Arthur P and Laird, Nan M and Rubin, Donald B},
  journal={Journal of the royal statistical society. Series B (methodological)},
  pages={1--38},
  year={1977},
  publisher={JSTOR}
}
@article{lee1980digital,
  title={Digital image enhancement and noise filtering by use of local statistics},
  author={Lee, Jong-Sen},
  journal={Pattern Analysis and Machine Intelligence, IEEE Transactions on},
  number={2},
  pages={165--168},
  year={1980},
  publisher={IEEE}
}
@article{RawatOCT,
  title={Quantitative Analysis of Noise Suppression Methods of Optical Coherence Tomography (OCT) Images},
  author={Chandan Singh Rawat , Vishal S. Gaikwad},
  journal={International Journal of Advanced Research in Electrical, Electronics and Instrumentation Engineering},
  number={10},
  pages={12737--12742},
  year={2014},
  publisher={IJAREEIE}
}

@ARTICLE{6717020, 
author={N. Yahya and N. S. Kamel and A. S. Malik}, 
journal={IEEE Transactions on Geoscience and Remote Sensing}, 
title={Subspace-Based Technique for Speckle Noise Reduction in SAR Images}, 
year={2014}, 
volume={52}, 
number={10}, 
pages={6257-6271}, 
keywords={decomposition;estimation theory;filtering theory;image denoising;image enhancement;image restoration;radar imaging;speckle;statistics;synthetic aperture radar;Malaysia;SAR imaging;Selangor area;additive noise;clean image estimation;homomorphic framework;homomorphic wavelet;image blurry effect;image distortion minimization;image enhancement;image-subspace-based approach;linear estimation;multiplicative speckle noise conversion;noise variance reduction;radiometric edge preservation;residual noise energy;speckle noise reduction;statistics;synthetic aperture radar imaging;vector space decomposition;Eigenvalues and eigenfunctions;Noise;Noise measurement;Noise reduction;Speckle;Synthetic aperture radar;Vectors;Image denoising;principal component analysis (PCA);spatial filters;stochastic processes;synthetic aperture radar (SAR)}, 
doi={10.1109/TGRS.2013.2295824}, 
ISSN={0196-2892}, 
month={Oct},}


@inproceedings{motwani2004survey,
  title={Survey of image denoising techniques},
  author={Motwani, Mukesh C and Gadiya, Mukesh C and Motwani, Rakhi C}
}

@INPROCEEDINGS{5164265, 
author={Y. S. Wang and H. He and X. W. Chen}, 
booktitle={Intelligent Vehicles Symposium, 2009 IEEE}, 
title={Comparison and application of signal denoising techniques based on time-frequency algorithms}, 
year={2009}, 
pages={129-133}, 
keywords={signal denoising;wavelet transforms;Doppler;Matlab program;bumps;general matching pursuit;genetic matching pursuit;noisy Blocks;nonstationary engine noise signals;quadchirp;signal denoising techniques;stationary engine noise signals;time-frequency algorithms;true Blocks;wavelet shrinkage threshold;Genetics;Matching pursuit algorithms;Noise generators;Noise reduction;Performance evaluation;Signal denoising;Signal generators;Signal processing;Testing;Time frequency analysis}, 
doi={10.1109/IVS.2009.5164265}, 
ISSN={1931-0587}, 
month={June},}

@article{Mohan201456,
title = "A survey on the magnetic resonance image denoising methods ",
journal = "Biomedical Signal Processing and Control ",
volume = "9",
number = "",
pages = "56 - 69",
year = "2014",
note = "",
issn = "1746-8094",
doi = "http://dx.doi.org/10.1016/j.bspc.2013.10.007",
url = "http://www.sciencedirect.com/science/article/pii/S1746809413001407",
author = "J. Mohan and V. Krishnaveni and Yanhui Guo",
keywords = "Anisotropic diffusion",
keywords = "Contourlets",
keywords = "Curvelets",
keywords = "Denoising",
keywords = "Magnetic resonance imaging",
keywords = "Nonlocal mean",
keywords = "Wavelets "
}

@Conference{lemaitre2015classification,
  Title                    = {Classification of SD-OCT Volumes with LBP: Application to DME Detection},
  Author                   = {Lema{\^\i}tre, G. and Rastgoo, M. and Massich, J. and Sankar, S. and M{\'e}riaudeau, F. and Sidib{\'e}, D.},
  Booktitle                = {Proceedings of the Ophthalmic Medical Image Analysis Second International Workshop, OMIA 2015, Held in Conjunction with MICCAI 2015},
  Year                     = {2015}
}


@ARTICLE{5440910, 
author={G. Quellec and K. Lee and M. Dolejsi and M. K. Garvin and M. D. Abramoff and M. Sonka}, 
journal={IEEE Transactions on Medical Imaging}, 
title={Three-Dimensional Analysis of Retinal Layer Texture: Identification of Fluid-Filled Regions in SD-OCT of the Macula}, 
year={2010}, 
volume={29}, 
number={6}, 
pages={1321-1330}, 
keywords={eye;image segmentation;medical disorders;medical image processing;optical tomography;3D image dataset;3D textural information;SD-OCT scans;SEAD footprint detection method;choroidal neovascularization;eye;fluid-filled regions;image segmentation;interactive 3D SEAD segmentation approach;intraretinal fluid;intraretinal layers;layer-specific feature variations;local retinal abnormality detection;macula SD-OCT;macular columns;motion-based artifacts;normal macular appearance;normal retina anatomical atlas;optical coherence tomography;pigment epithelial detachment;retinal layer texture;spectral domain OCT volumes;subretinal fluid;symptomatic exudate-associated derangements;three-dimensional analysis;Data mining;Diseases;Feature extraction;Image motion analysis;Image segmentation;Image texture analysis;Optical receivers;Pigmentation;Retina;Tomography;Age-related macular degeneration (AMD);anatomical atlas;macula;spectral domain optical coherence tomography (SD-OCT);symptomatic exudate-associated derangements (SEADs);three-dimensional (3-D) texture;Algorithms;Exudates and Transudates;Humans;Image Enhancement;Image Interpretation, Computer-Assisted;Imaging, Three-Dimensional;Macula Lutea;Pattern Recognition, Automated;Reproducibility of Results;Retinal Diseases;Retinoscopy;Sensitivity and Specificity;Tomography, Optical Coherence}, 
doi={10.1109/TMI.2010.2047023}, 
ISSN={0278-0062}, 
month={June},}





@INPROCEEDINGS{7163919, 
author={J. J. Gómez-Valverde and J. E. Ortuño and P. Guerra and B. Hermann and B. Zabihian and J. L. Rubio-Guivernau and A. Santos and W. Drexler and M. J. Ledesma-Carbayo}, 
booktitle={Biomedical Imaging (ISBI), 2015 IEEE 12th International Symposium on}, 
title={Evaluation of speckle reduction with denoising filtering in optical coherence tomography for dermatology}, 
year={2015}, 
pages={494-497}, 
keywords={biomedical optical imaging;diseases;filtering theory;image denoising;image enhancement;image matching;medical image processing;optical tomography;skin;wavelet transforms;2D denoising filters;3D block matching;BM3D;OCT images;contrast-to-noise ratios;dermatological OCT B-scans;enhancement quality metrics;high edge-preserving potential;optical coherence tomography;sigma filter;signal-to-noise ratios;skin disease diagnosis;speckle noise;speckle reduction;wavelet multiframe algorithm;wavelet-based compounding algorithm;Adaptive optics;Biomedical optical imaging;Digital filters;Optical filters;Optical imaging;Speckle;Tomography;Optical Coherence Tomography;denoising;dermatology;speckle}, 
doi={10.1109/ISBI.2015.7163919}, 
month={April},}


@INPROCEEDINGS{7415402, 
author={S. Muramatsu and S. Choi and T. Kawamura}, 
booktitle={2015 Asia-Pacific Signal and Information Processing Association Annual Summit and Conference (APSIPA)}, 
title={3-D OCT data denoising with nonseparable oversampled lapped transform}, 
year={2015}, 
pages={901-906}, 
keywords={estimation theory;image denoising;image segmentation;medical image processing;optical tomography;transforms;3D OCT data denoising;NSOLT dictionary;dictionary learning technique;iterative hard thresholding;lattice-based redundant transform;noise variance robust median estimator;nonseparable oversampled lapped transform;optical coherence tomography;structural similarity index measure;Coherence;Dictionaries;Lattices;Noise reduction;Redundancy;Synthesizers;Transforms}, 
doi={10.1109/APSIPA.2015.7415402}, 
month={Dec},}

@ARTICLE{6310105, 
author={L. Wang and Z. Meng and X. S. Yao and T. Liu and Y. Su and M. Qin}, 
journal={IEEE Photonics Technology Letters}, 
title={Adaptive Speckle Reduction in OCT Volume Data Based on Block-Matching and 3-D Filtering}, 
year={2012}, 
volume={24}, 
number={20}, 
pages={1802-1804}, 
keywords={adaptive optics;biological tissues;biomedical optical imaging;cellular biophysics;image denoising;medical image processing;optical filters;optical noise;optical tomography;speckle;2D denoising;3D filtering;A-scans;OCT volume data processing;adaptive noise level estimation algorithm;adaptive speckle denoising;adaptive speckle noise reduction;attenuated subtle features;block-matching;edge blurring;finger images;highly sparse local 3D transform domain;human finger tip;morphological features;optical coherence tomography;signal fluctuations;signal-to-noise ratio;single 2D image;speckle noise suppression;sweat glands;tissue structures;visualization;volume-BM3D;Humans;Noise level;Noise reduction;Signal to noise ratio;Speckle;Transforms;3-D image processing;image enhancement;optical coherence tomography}, 
doi={10.1109/LPT.2012.2211582}, 
ISSN={1041-1135}, 
month={Oct},}

@INPROCEEDINGS{6810272, 
author={S. Roychowdhury and D. D. Koozekanani and K. K. Parhi}, 
booktitle={Signals, Systems and Computers, 2013 Asilomar Conference on}, 
title={Automated denoising and segmentation of optical coherence tomography images}, 
year={2013}, 
pages={258-262}, 
keywords={Wiener filters;image denoising;image segmentation;optical tomography;Fourier-domain structural error;OCT images;Wiener deconvolution;automated denoising;automated segmentation;highpass filters;least structural error;optical coherence tomography images;structural error metric;subretinal layers;Deconvolution;Image segmentation;Measurement;Noise;Noise reduction;Retina;Speckle;Fourier-domain representation;Optical coherence tomography;denoising;iterative segmentation}, 
doi={10.1109/ACSSC.2013.6810272}, 
month={Nov},}

@INPROCEEDINGS{6270472, 
author={D. Q. Yin and Y. Gu and N. Y. Huang}, 
booktitle={Photonics and Optoelectronics (SOPO), 2012 Symposium on}, 
title={A Variational Model Based on 3D Transformation to Remove the Speckle Noise in OCT Images}, 
year={2012}, 
pages={1-4}, 
keywords={biomedical optical imaging;digital filters;image denoising;image matching;medical image processing;optical tomography;skin;speckle;3-D filtering;3D transformation;Rayleigh distribution;block matching;digital filtering methods;logarithmic transformation;optical coherence tomography images;port wine stain skin;speckle noise removal;speckled image denoising;variational model;Adaptive optics;Filtering;Noise;Optical filters;Optical imaging;Optical polarization;Speckle}, 
doi={10.1109/SOPO.2012.6270472}, 
ISSN={2156-8464}, 
month={May},}

@INPROCEEDINGS{7163987, 
author={D. Sheet and S. P. K. Karri and A. Katouzian and N. Navab and A. K. Ray and J. Chatterjee}, 
booktitle={Biomedical Imaging (ISBI), 2015 IEEE 12th International Symposium on}, 
title={Deep learning of tissue specific speckle representations in optical coherence tomography and deeper exploration for in situ histology}, 
year={2015}, 
pages={777-780}, 
keywords={biomedical optical imaging;image coding;image denoising;medical image processing;neural nets;optical tomography;skin;speckle;tissue engineering;unsupervised learning;wounds;OCT;choroid;clinical reporting variability;coherent sensing;conventional histology;coronary vessels;critical organs;deep learning;deep neural network-based architecture;denoising autoencoders;healing wounds;histologically characterizing healthy skin;in situ histology;interobserver reporting variability challenges;intraobserver reporting variability challenges;laser source incident;leveraged rapid clinical translation;live tissues;noninvasive high-resolution in situ imaging;optical coherence tomography;photon diffraction;retina;speckle image formation;speckle representations;stochastic nature;swept-source OCT;tissue specific speckle appearance;tissue specific speckle representations;unsupervised learning;wounded mice skin;Adaptive optics;Biomedical optical imaging;Machine learning;Optical imaging;Skin;Speckle;Wounds;Representation learning;cutaneous wounds;denoising autoencoders;in situ histology;optical coherence tomography;tissue characterization}, 
doi={10.1109/ISBI.2015.7163987}, 
month={April},}

@ARTICLE{6132458, 
author={G. R. Wilkins and O. M. Houghton and A. L. Oldenburg}, 
journal={IEEE Transactions on Biomedical Engineering}, 
title={Automated Segmentation of Intraretinal Cystoid Fluid in Optical Coherence Tomography}, 
year={2012}, 
volume={59}, 
number={4}, 
pages={1109-1114}, 
keywords={biomedical optical imaging;eye;image denoising;image segmentation;medical image processing;optical tomography;speckle;vision defects;CME assessment;CME boundaries;CME progression monitoring;CME treatment protocols;OCT image stacks;commercial OCT scanner;computationally fast bilateral filter;cystoid fluid visualization;cystoid macular edema;fully automated retinal cyst segmentation technique;intraretinal cystoid fluid automated segmentation;ocular disorders;optical coherence tomography;speckle denoising;vision loss;Filtering;Fluids;Image segmentation;Noise reduction;Retina;Signal to noise ratio;Speckle;Biomedical imaging;computer-aided diagnosis;macular edema;optical coherence tomography (OCT);Algorithms;Humans;Image Enhancement;Image Interpretation, Computer-Assisted;Macular Edema;Pattern Recognition, Automated;Reproducibility of Results;Retinoscopy;Sensitivity and Specificity;Tomography, Optical Coherence}, 
doi={10.1109/TBME.2012.2184759}, 
ISSN={0018-9294}, 
month={April},}

@INPROCEEDINGS{6738229, 
author={N. Anantrasirichai and L. Nicholson and J. E. Morgan and I. Erchova and A. Achim}, 
booktitle={Image Processing (ICIP), 2013 20th IEEE International Conference on}, 
title={Adaptive-weighted bilateral filtering for optical coherence tomography}, 
year={2013}, 
pages={1110-1114}, 
keywords={adaptive filters;eye;image denoising;image enhancement;image texture;medical image processing;optical tomography;smoothing methods;trees (mathematics);wavelet transforms;AWBF;DT-CWT;OCT image;adaptive-weighted bilateral filtering;dual-tree complex wavelet transform;glaucoma classification;image enhancement;multiscale despeckling;retinal optical coherence tomography;smoothing process;Adaptive optics;Biomedical optical imaging;Noise;Optical imaging;Retina;Speckle;Tomography;DT-CWT;bilateral filter;despeckling;image enhancement}, 
doi={10.1109/ICIP.2013.6738229}, 
month={Sept},}

@INPROCEEDINGS{6943560, 
author={J. Cheng and L. Duan and D. W. K. Wong and M. Akiba and J. Liu}, 
booktitle={Engineering in Medicine and Biology Society (EMBC), 2014 36th Annual International Conference of the IEEE}, 
title={Speckle reduction in optical coherence tomography by matrix completion using bilateral random projection}, 
year={2014}, 
pages={186-189}, 
keywords={biomedical equipment;biomedical optical imaging;image denoising;image enhancement;image reconstruction;image registration;matrix algebra;medical image processing;motion estimation;optical tomography;random processes;speckle;OCT machines;OCT scan registration;bilateral random projection;clean image recovery;contrast to noise ratio;global alignment;global motion estimation;image quality enhancement;local alignment;local motion estimation;low rank matrix completion;multiple OCT slice scanning;noise estimation;optical coherence tomography;speckle noise reduction;structure details;Adaptive optics;Computational modeling;Noise;Optical imaging;Optical scattering;Speckle;Speckle noise;bilateral random projection;low rank;matrix completion}, 
doi={10.1109/EMBC.2014.6943560}, 
ISSN={1557-170X}, 
month={Aug},}

@INPROCEEDINGS{7163855, 
author={A. Baghaie and R. M. D'souza and Z. Yu}, 
booktitle={Biomedical Imaging (ISBI), 2015 IEEE 12th International Symposium on}, 
title={Sparse and low rank decomposition based batch image alignment for speckle reduction of retinal OCT images}, 
year={2015}, 
pages={226-230}, 
keywords={biomedical optical imaging;eye;filtering theory;image denoising;image registration;median filters;medical image processing;optical tomography;speckle;B-scans;biomedical imaging;coronary imaging;denoised image;dermatology;granular pattern;input data;low-rank decomposition based batch image alignment;median filtering;noise reduction;ophthalmology;optical coherence tomography;registration-based methods;retinal OCT images;sparse decomposition based batch image alignment;speckle noise;speckle reduction;Adaptive optics;Biomedical optical imaging;Coherence;Noise;Noise reduction;Optical imaging;Speckle;Image Alignment;Optical Coherence Tomography (OCT);Retinal OCT;Sparse and Low-rank Decomposition;Speckle Reduction}, 
doi={10.1109/ISBI.2015.7163855}, 
month={April},}

@ARTICLE{1097762, 
author={Yongjian Yu and S. T. Acton}, 
journal={IEEE Transactions on Image Processing}, 
title={Speckle reducing anisotropic diffusion}, 
year={2002}, 
volume={11}, 
number={11}, 
pages={1260-1270}, 
keywords={adaptive filters;adaptive signal processing;biomedical ultrasonics;cardiology;filtering theory;medical image processing;nonlinear differential equations;radar imaging;speckle;synthetic aperture radar;ultrasonic imaging;Frost filter;Laplacian operators;Lee filter;adaptive filtering;additive noise;carotid artery;coefficient of variation;computer simulation;edge localization;edge-sensitive anisotropic diffusion;instantaneous coefficient of variation;local gradient magnitude;mean preservation;medical ultrasound image interpretation;nonlinear PDE;nonlinear partial differential equations;performance measures;radar imaging;real SAR data;real linear scan ultrasonic imagery;speckle noise;speckle reducing anisotropic diffusion;speckle removal filters;speckled images;synthetic linear scan ultrasonic imagery;ultrasonic imaging;variance reduction;Adaptive filters;Additive noise;Anisotropic magnetoresistance;Carotid arteries;Computer simulation;Laplace equations;Partial differential equations;Radar imaging;Speckle;Ultrasonic variables measurement}, 
doi={10.1109/TIP.2002.804276}, 
ISSN={1057-7149}, 
month={Nov},}

@ARTICLE{4766994, 
author={J. S. Lee}, 
journal={IEEE Transactions on Pattern Analysis and Machine Intelligence}, 
title={Digital Image Enhancement and Noise Filtering by Use of Local Statistics}, 
year={1980}, 
volume={PAMI-2}, 
number={2}, 
pages={165-168}, 
keywords={Additive noise;Digital filters;Digital images;Filtering algorithms;Frequency domain analysis;Image enhancement;Image processing;Pixel;Signal processing algorithms;Statistics;Digital image enhancement;local statistics;noise filtering;real-time processing}, 
doi={10.1109/TPAMI.1980.4766994}, 
ISSN={0162-8828}, 
month={March},}

@article{trucco,
  title    = "Validating Retinal Fundus Image Analysis Algorithms: Issues and a Proposal",
  keywords = "validation, fundus image analysis, reference standards, TO-DISC RATIO, DIABETIC-RETINOPATHY, AUTOMATED DETECTION, GLAUCOMA ANALYSIS, MICROANEURYSM DETECTION, MACULAR DEGENERATION, VESSEL SEGMENTATION, COST-EFFECTIVENESS, SCREENING TOOL, CARDIAC CYCLE",
  author   = "Trucco, E. and Ruggeri, A. and Karnowski, T. and Giancardo, L. and Chaum, E. and Hubschman, J. P. and al-Diri, B. and Cheung, C. Y. and Wong, D. and Abramoff, M. and Lim, G. and Kumar, D. and Burlina, P. and Bressler, N. M. and Jelinek, H. F. and Meriaudeau, F. and Quellec, G. and MacGillivray, T. and Dhillon, B.",
  year     = "2013",
  month    = "5",
  doi      = "10.1167/iovs.12-10347",
  volume   = "54",
  pages    = "3546--3559",
  journal  = "Investigative Ophthalmology \& Visual Science",
  issn     = "0146-0404",
  number   = "5",
}

@article{Giancardo2012216,
title = "Exudate-based diabetic macular edema detection in fundus images using publicly available datasets ",
journal = "Medical Image Analysis ",
volume = "16",
number = "1",
pages = "216 - 226",
year = "2012",
note = "",
issn = "1361-8415",
doi = "http://dx.doi.org/10.1016/j.media.2011.07.004",
url = "http://www.sciencedirect.com/science/article/pii/S1361841511001010",
author = "L. Giancardo and F. Meriaudeau and T. P. Karnowski and Y. Li and S. Garg and K. W. Tobin Jr. and E. Chaum",
keywords = "Exudates segmentation",
keywords = "Feature extraction",
keywords = "Lesion probability",
keywords = "Automatic diagnosis",
keywords = "Wavelets "
}

@ARTICLE{Maggioni, 
author={M. Maggioni and G. Boracchi and A. Foi and K. Egiazarian}, 
journal={IEEE Transactions on Image Processing}, 
title={Video Denoising, Deblocking, and Enhancement Through Separable 4-D Nonlocal Spatiotemporal Transforms}, 
year={2012}, 
volume={21}, 
number={9}, 
pages={3952-3966}, 
keywords={Collaboration;Correlation;Noise measurement;Noise reduction;Spatiotemporal phenomena;Trajectory;Transforms;Adaptive transforms;motion estimation;nonlocal methods;video deblocking;video denoising;video enhancement;video filtering}, 
doi={10.1109/TIP.2012.2199324}, 
ISSN={1057-7149}, 
month={Sept},}
